<?xml version="1.0" encoding="UTF-8"?>
<record xmlns="http://www.loc.gov/MARC21/slim" xmlns:xsi="http://www.w3.org/2001/XMLSchema-instance" xsi:schemaLocation="http://www.loc.gov/MARC21/slim http://www.loc.gov/standards/marcxml/schema/MARC21slim.xsd">
<leader>     nam a2200205 a 4500</leader>
<controlfield tag="001">001683112</controlfield>
<controlfield tag="003">NNU</controlfield>
<controlfield tag="005">20001219005049.0</controlfield>
<controlfield tag="008">000919s1954    le            000 0 ara d</controlfield>
<datafield tag="035" ind1="9" ind2=" ">
<subfield code="a">NYUb12226532</subfield>
</datafield>
<datafield tag="035" ind1=" " ind2=" ">
<subfield code="a">(CStRLIN)NJPG93-B56899</subfield>
</datafield>
<datafield tag="040" ind1=" " ind2=" ">
<subfield code="a">NjP</subfield>
<subfield code="c">NjP</subfield>
</datafield>
<datafield tag="100" ind1="1" ind2=" ">
<subfield code="a">Nuʻaymah, Mīkhāʼīl,</subfield>
<subfield code="d">1889-1988.</subfield>
</datafield>
<datafield tag="245" ind1="1" ind2="0">
<subfield code="a">Durūb /</subfield>
<subfield code="c">Mīkhāʼīl Nuʻaymah.</subfield>
</datafield>
<datafield tag="250" ind1=" " ind2=" ">
<subfield code="a">al-Ṭabʻah 1.</subfield>
</datafield>
<datafield tag="260" ind1=" " ind2=" ">
<subfield code="a">Bayrūt :</subfield>
<subfield code="b">Dār al-ʻIlm lil-Malāyīn,</subfield>
<subfield code="c">1954.</subfield>
</datafield>
<datafield tag="300" ind1=" " ind2=" ">
<subfield code="a">176 p. ;</subfield>
<subfield code="c">20 cm.</subfield>
</datafield>
<datafield tag="500" ind1=" " ind2=" ">
<subfield code="a">Essays.</subfield>
</datafield>
<datafield tag="OWN" ind1=" " ind2=" ">
<subfield code="a">GENERAL</subfield>
</datafield>
<datafield tag="950" ind1=" " ind2=" ">
<subfield code="l">BMAIN</subfield>
<subfield code="a">PJ7852.A5</subfield>
<subfield code="b">D8</subfield>
</datafield>
<datafield tag="955" ind1=" " ind2=" ">
<subfield code="l">BMAIN</subfield>
<subfield code="c">1</subfield>
<subfield code="r">029061861</subfield>
</datafield>
<datafield tag="998" ind1=" " ind2=" ">
<subfield code="s">9124</subfield>
</datafield>
<datafield tag="AVA" ind1=" " ind2=" ">
<subfield code="a">NYU50</subfield>
<subfield code="b">BOBST</subfield>
<subfield code="c">Main Collection</subfield>
<subfield code="d">PJ7852.A5 D8</subfield>
<subfield code="e">unavailable</subfield>
<subfield code="t">Unavailable</subfield>
<subfield code="f">1</subfield>
<subfield code="g">1</subfield>
<subfield code="h">N</subfield>
<subfield code="i">0</subfield>
<subfield code="j">MAIN</subfield>
<subfield code="k">0</subfield>
</datafield>
</record>
